\usepackage[utf8]{inputenc}
\begin{thebibliography}{999}

@article{Li2018,
  title={Learning Linear Transformations for Fast Arbitrary Style Transfer},
  author={X. Li, S. Liu, J. Kautz,M. Yang},
  year={2018},
  publisher={CVPR}
}

@misc{mobilenetv1,
    title={MobileNets: Efficient Convolutional Neural Networks for Mobile Vision Applications},
    author={Andrew G. Howard and Menglong Zhu and Bo Chen and Dmitry Kalenichenko and Weijun Wang and Tobias Weyand and Marco Andreetto and Hartwig Adam},
    year={2017},
    eprint={1704.04861v1},
    archivePrefix={arXiv},
    primaryClass={cs.CV}
}

@misc{mobilenetv2,
    title={MobileNetV2: Inverted Residuals and Linear Bottlenecks},
    author={Mark Sandler and Andrew Howard and Menglong Zhu and Andrey Zhmoginov and Liang-Chieh Chen},
    year={2018},
    eprint={1801.04381v4},
    archivePrefix={arXiv},
    primaryClass={cs.CV}
}

@misc{mobilenetv3,
    title={Searching for MobileNetV3},
    author={Andrew Howard and Mark Sandler and Grace Chu and Liang-Chieh Chen and Bo Chen and Mingxing Tan and Weijun Wang and Yukun Zhu and Ruoming Pang and Vijay Vasudevan and Quoc V. Le and Hartwig Adam},
    year={2019},
    eprint={1905.02244v5},
    archivePrefix={arXiv},
    primaryClass={cs.CV}
}

@misc{shufflenetv1,
    title={ShuffleNet: An Extremely Efficient Convolutional Neural Network for Mobile Devices},
    author={Xiangyu Zhang and Xinyu Zhou and Mengxiao Lin and Jian Sun},
    year={2017},
    eprint={1707.01083},
    archivePrefix={arXiv},
    primaryClass={cs.CV}
}

@misc{shufflenetv2,
    title={ShuffleNet V2: Practical Guidelines for Efficient CNN Architecture Design},
    author={Ningning Ma and Xiangyu Zhang and Hai-Tao Zheng and Jian Sun},
    year={2018},
    eprint={1807.11164},
    archivePrefix={arXiv},
    primaryClass={cs.CV}
}

@misc{li2016pruning,
    title={Pruning Filters for Efficient ConvNets},
    author={Hao Li and Asim Kadav and Igor Durdanovic and Hanan Samet and Hans Peter Graf},
    year={2016},
    eprint={1608.08710},
    archivePrefix={arXiv},
    primaryClass={cs.CV}
}

@article{polyak2015,
    author = {Polyak, Adam and Wolf, Lior},
    year = {2015},
    month = {10},
    title = {Channel-Level Acceleration of Deep Face Representations},
    volume = {3},
    journal = {IEEE Access},
    doi = {10.1109/ACCESS.2015.2494536}
}

@misc{zhu2017prune,
    title={To prune, or not to prune: exploring the efficacy of pruning for model compression},
    author={Michael Zhu and Suyog Gupta},
    year={2017},
    eprint={1710.01878},
    archivePrefix={arXiv},
    primaryClass={stat.ML}
}

@misc{he2017channel,
    title={Channel Pruning for Accelerating Very Deep Neural Networks},
    author={Yihui He and Xiangyu Zhang and Jian Sun},
    year={2017},
    eprint={1707.06168},
    archivePrefix={arXiv},
    primaryClass={cs.CV}
}

@misc{molchanov2016pruning,
    title={Pruning Convolutional Neural Networks for Resource Efficient Inference},
    author={Pavlo Molchanov and Stephen Tyree and Tero Karras and Timo Aila and Jan Kautz},
    year={2016},
    eprint={1611.06440},
    archivePrefix={arXiv},
    primaryClass={cs.LG}
}

@misc{hinton2015distilling,
    title={Distilling the Knowledge in a Neural Network},
    author={Geoffrey Hinton and Oriol Vinyals and Jeff Dean},
    year={2015},
    eprint={1503.02531},
    archivePrefix={arXiv},
    primaryClass={stat.ML}
}

@misc{vgg,
    title={Very Deep Convolutional Networks for Large-Scale Image Recognition},
    author={Karen Simonyan and Andrew Zisserman},
    year={2014},
    eprint={1409.1556},
    archivePrefix={arXiv},
    primaryClass={cs.CV}
}

@misc{johnson2016perceptual,
    title={Perceptual Losses for Real-Time Style Transfer and Super-Resolution},
    author={Justin Johnson and Alexandre Alahi and Li Fei-Fei},
    year={2016},
    eprint={1603.08155},
    archivePrefix={arXiv},
    primaryClass={cs.CV}
}

@misc{huang2017adain,
  title={Arbitrary Style Transfer in Real-time with Adaptive Instance Normalization},
  author={Huang, Xun and Belongie, Serge},
  booktitle={ICCV},
  year={2017}
}

@book{Goodfellow-et-al-2016,
    title={Deep Learning},
    author={Ian Goodfellow and Yoshua Bengio and Aaron Courville},
    publisher={MIT Press},
    year={2016}
}

@misc{gatys2015neural,
    title={A Neural Algorithm of Artistic Style},
    author={Leon A. Gatys and Alexander S. Ecker and Matthias Bethge},
    year={2015},
    eprint={1508.06576},
    archivePrefix={arXiv},
    primaryClass={cs.CV}
}


@misc{mscoco,
    title={Microsoft COCO: Common Objects in Context},
    author={Tsung-Yi Lin and Michael Maire and Serge Belongie and Lubomir Bourdev and Ross Girshick and James Hays and Pietro Perona and Deva Ramanan and C. Lawrence Zitnick and Piotr Doll√°r},
    year={2014},
    eprint={1405.0312},
    archivePrefix={arXiv},
    primaryClass={cs.CV}
}

@misc{wikiart,
    author={K. Nichol},
    title={Painter by numbers wikiart},
    howpublished="\url{https://www.kaggle.com/c/painter-by-numbers}",
    year={2016}
}

@misc{distiller,
  author       = {Neta Zmora and
                  Guy Jacob and
                  Lev Zlotnik and
                  Bar Elharar and
                  Gal Novik},
  title        = {Neural Network Distiller},
  month        = jun,
  year         = 2018,
  doi          = {10.5281/zenodo.1297430},
  url          = {https://doi.org/10.5281/zenodo.1297430}
}

@misc{lottery2,
    title={Deconstructing Lottery Tickets: Zeros, Signs, and the Supermask},
    author={Hattie Zhou and Janice Lan and Rosanne Liu and Jason Yosinski},
    year={2019},
    eprint={1905.01067},
    archivePrefix={arXiv},
    primaryClass={cs.LG}
}

@misc{lottery1,
    title={The Lottery Ticket Hypothesis: Finding Sparse, Trainable Neural Networks},
    author={Jonathan Frankle and Michael Carbin},
    year={2018},
    eprint={1803.03635},
    archivePrefix={arXiv},
    primaryClass={cs.LG}
}

@misc{onnxsim,
    title={Onnx Simplifier},
    howpublished="\url{https://github.com/daquexian/onnx-simplifier}",
    publisher = {GitHub},
    journal = {GitHub repository},
    commit={d02a1406e46b0fc8ad821544d817bb6e5fafa40c},
    year={2019}
}

@misc{onnx2trt,
    title={ONNX-TensorRT},
    howpublished="\url{https://github.com/onnx/onnx-tensorrt}",
    publisher = {GitHub},
    journal = {GitHub repository},
    year={2019}
}


\end{thebibliography}
